<?xml version="1.0" encoding="UTF-8"?><collection xmlns="http://www.loc.gov/MARC21/slim"><record><leader>00374nam--2200133-i-4500</leader><controlfield tag="001">000007191</controlfield><controlfield tag="002">20161230</controlfield><controlfield tag="005">20161230201027</controlfield><controlfield tag="008">060222s1000------------r-----000-0-eng-d</controlfield><datafield ind1=" " ind2=" " tag="100"><subfield code="a">Caley,Earle R</subfield></datafield><datafield ind1=" " ind2=" " tag="245"><subfield code="a">Analysis of ancient metals</subfield></datafield><datafield ind1=" " ind2=" " tag="260"><subfield code="a">Oxford,Pergamon Press,1964. Xi + 176p</subfield></datafield><datafield ind1=" " ind2=" " tag="490"><subfield code="a">International Series Of Monographs On Analyti Cal Chemistry</subfield></datafield><datafield ind1=" " ind2=" " tag="852"><subfield code="a">16056</subfield></datafield></record></collection>